<?xml version="1.0" encoding="UTF-8"?>
<collection xmlns="http://www.loc.gov/MARC21/slim" xmlns:xsi="http://www.w3.org/2001/XMLSchema-instance" xmlns:marc="http://www.loc.gov/MARC21/slim" xsi:schemaLocation="http://www.loc.gov/MARC21/slim http://www.loc.gov/standards/marcxml/schema/MARC21slim.xsd">
   <record>
      <marc:leader>00897cas a2200277 a 4500</marc:leader>
      <marc:controlfield tag="001">4939605</marc:controlfield>
      <marc:controlfield tag="005">20140602101517.0</marc:controlfield>
      <marc:controlfield tag="008">930408d19221922fr  x         0    0fre d</marc:controlfield>
      <marc:datafield tag="035" ind1=" " ind2=" ">
         <marc:subfield code="a">(OCoLC)ocm27875114</marc:subfield>
      </marc:datafield>
      <marc:datafield tag="040" ind1=" " ind2=" ">
         <marc:subfield code="a">VAU</marc:subfield>
         <marc:subfield code="c">VAU</marc:subfield>
         <marc:subfield code="d">NjP</marc:subfield>
      </marc:datafield>
      <marc:datafield tag="043" ind1=" " ind2=" ">
         <marc:subfield code="a">e-fr---</marc:subfield>
      </marc:datafield>
      <marc:datafield tag="050" ind1=" " ind2="4">
         <marc:subfield code="a">NX600.D3</marc:subfield>
         <marc:subfield code="b">C594</marc:subfield>
      </marc:datafield>
      <marc:datafield tag="245" ind1="1" ind2="3">
         <marc:subfield code="a">Le cœur à barbe :</marc:subfield>
         <marc:subfield code="b">journal transparent.</marc:subfield>
      </marc:datafield>
      <marc:datafield tag="260" ind1=" " ind2=" ">
         <marc:subfield code="a">Paris ;</marc:subfield>
         <marc:subfield code="c">1922.</marc:subfield>
      </marc:datafield>
      <marc:datafield tag="300" ind1=" " ind2=" ">
         <marc:subfield code="a">8 p. ;</marc:subfield>
         <marc:subfield code="c">23 cm.</marc:subfield>
      </marc:datafield>
      <marc:datafield tag="362" ind1="0" ind2=" ">
         <marc:subfield code="a">1er no (avril 1922)</marc:subfield>
      </marc:datafield>
      <marc:datafield tag="500" ind1=" " ind2=" ">
         <marc:subfield code="a">Introductory statement signed "Eluard, Ribemont-Dessaignes, Tzara".</marc:subfield>
      </marc:datafield>
      <marc:datafield tag="500" ind1=" " ind2=" ">
         <marc:subfield code="a">Title from cover.</marc:subfield>
      </marc:datafield>
      <datafield tag="599" ind1=" " ind2=" ">
         <subfield code="a">ark:/88435/rx913s547</subfield>
         <subfield code="b">bmtnaad_1922-04_01</subfield>
      </datafield>
      <marc:datafield tag="650" ind1=" " ind2="0">
         <marc:subfield code="a">Dadaism</marc:subfield>
         <marc:subfield code="v">Periodicals.</marc:subfield>
      </marc:datafield>
      <marc:datafield tag="650" ind1=" " ind2="0">
         <marc:subfield code="a">Dadaism</marc:subfield>
         <marc:subfield code="z">France</marc:subfield>
         <marc:subfield code="v">Periodicals.</marc:subfield>
      </marc:datafield>
      <marc:datafield tag="700" ind1="1" ind2=" ">
         <marc:subfield code="a">Eluard, Paul,</marc:subfield>
         <marc:subfield code="d">1895-1952.</marc:subfield>
      </marc:datafield>
      <marc:datafield tag="700" ind1="1" ind2=" ">
         <marc:subfield code="a">Ribemont-Dessaignes, Georges,</marc:subfield>
         <marc:subfield code="d">1884-1974.</marc:subfield>
      </marc:datafield>
      <marc:datafield tag="700" ind1="1" ind2=" ">
         <marc:subfield code="a">Tzara, Tristan,</marc:subfield>
         <marc:subfield code="d">1896-1963.</marc:subfield>
      </marc:datafield>
      <marc:datafield tag="856" ind1="4" ind2="1">
         <marc:subfield code="u">http://arks.princeton.edu/ark:/88435/12579t647</marc:subfield>
      </marc:datafield>
      <marc:datafield tag="904" ind1=" " ind2=" ">
         <marc:subfield code="a">slt</marc:subfield>
         <marc:subfield code="b">o</marc:subfield>
         <marc:subfield code="h">m</marc:subfield>
         <marc:subfield code="c">s</marc:subfield>
         <marc:subfield code="e">20061108</marc:subfield>
      </marc:datafield>
      <marc:datafield tag="902" ind1=" " ind2=" ">
         <marc:subfield code="a">pg</marc:subfield>
         <marc:subfield code="b">m</marc:subfield>
         <marc:subfield code="6">a</marc:subfield>
         <marc:subfield code="7">s</marc:subfield>
         <marc:subfield code="d">v</marc:subfield>
         <marc:subfield code="f">1</marc:subfield>
         <marc:subfield code="e">20070221</marc:subfield>
      </marc:datafield>
   </record>
</collection>
